@book{tanenbaum,
	title		= "Operating Systems",
	subtitle	= "Design and Implementation",
	author	= "Andrew S. Tanenbaum and Albert S. Woodhull",
	edition	= "3",
	isbn		= "0-13-142938-8",
	year		= "2006",
	location	= "Upper Saddle River, N.J.",
	publisher	= "Prentice Hall",
	pagetotal	= "1080",
	hyphenation = "english"
}
@book{gof,
 	title 		= "Design patterns",
	subtitle 	= "Elements of reusable object-oriented software",
 	author 	= "Erich Gamma and Richard Helm and Ralph Johnson and John Vlissides",
 	publisher 	= "Addison-Wesley",
 	year 		= "1995",
 	address 	= "Reading, Mass",
 	isbn 		= "0-201-63361-2",
	pagetotal	= "395"
 }

@manual{intel,
	title		= "Intel Architecture Software Developer’s Manual Volume 2: Instruction Set Reference",
	url  		= "http://download.intel.com/design/intarch/manuals/24319101.pdf",
	year		= "1999",
	urldate	= {2016-01-24}
}

@manual{x64abi,
	title		= "System V Application Binary Interface",
	subtitle	= "AMD64 Architecture Processor Supplement",
	url 		= "http://www.x86-64.org/documentation/abi.pdf",
	year		= "2013",
	urldate	= {2016-02-22}
}

@inproceedings{GuoSIGCSE2013,
	author = {Guo, Philip J.},
 	title = {{Online Python Tutor}: Embeddable Web-based Program Visualization for {CS} Education},
 	booktitle = {Proceedings of the 44th ACM Technical Symposium on Computer Science Education},
 	series = {SIGCSE '13},
 	year = {2013},
 	isbn = {978-1-4503-1868-6},
 	location = {Denver, Colorado, USA},
 	pages = {579--584},
 	numpages = {6},
 	url = {http://doi.acm.org/10.1145/2445196.2445368},
 	doi = {10.1145/2445196.2445368},
 	acmid = {2445368},
 	publisher = {ACM},
 	address = {New York, NY, USA},
 	keywords = {CS1, program visualization, python}
}

@book{sorva2012visual,
 	author = {Sorva, Juha},
 	title = {Visual program simulation in introductory programming education},
 	publisher = {Aalto Univ. School of Science},
 	year = {2012},
 	address = {Espoo},
 	isbn = {9789526046266},
	url = {http://doi.acm.org/10.1145/2445196.2445368},
 }

@online{gdb-languages,
	title 	= "Seznam jazyků podporovaných programem GDB",
	url 	= "https://sourceware.org/gdb/current/onlinedocs/gdb/Supported-Languages.html"
}

@online{gdb-multithreading,
	title	= "Módy GDB pro práci s vícevláknovými aplikacemi",
	url 	= "https://sourceware.org/gdb/onlinedocs/gdb/Thread-Stops.html",
}

@online{gdb-mi-usage,
	title	= "Grafická rozhraní GDB používající MI",
	url 	= "https://sourceware.org/gdb/wiki/GDB%20Front%20Ends"
}